<?xml version="1.0" encoding="UTF-8"?><collection xmlns="http://www.loc.gov/MARC21/slim"><record><leader>00538nam--2200169-i-4500</leader><controlfield tag="001">000020602</controlfield><controlfield tag="002">20161230</controlfield><controlfield tag="005">20161230201033</controlfield><controlfield tag="008">060222s1000------------r-----000-0-eng-d</controlfield><datafield ind1=" " ind2=" " tag="040"><subfield code="a">IFIN-HH</subfield></datafield><datafield ind1=" " ind2=" " tag="080"><subfield code="a">53(061.3)</subfield></datafield><datafield ind1="1" ind2=" " tag="100"><subfield code="a">Colas, Jose Casanova</subfield></datafield><datafield ind1="1" ind2="0" tag="245"><subfield code="a">Conferencias de la xxiii reunion bienal de la real sociedad espanolfa de fisica, valladolid, 23-27 septembre 1991</subfield><subfield code="c">Jose casanova colas (ed.)</subfield></datafield><datafield ind1=" " ind2=" " tag="260"><subfield code="a">Salamanca</subfield><subfield code="b">Universidad De Valladolid</subfield><subfield code="c">1993</subfield></datafield><datafield ind1=" " ind2=" " tag="300"><subfield code="a">159 P</subfield></datafield><datafield ind1=" " ind2=" " tag="852"><subfield code="a">80485</subfield><subfield code="c">53</subfield></datafield><datafield ind1=" " ind2=" " tag="CAT"><subfield code="a">Sys</subfield><subfield code="c">20151009</subfield><subfield code="h">123841</subfield></datafield></record></collection>